@book{knuth:84,
  author    = {Donald E. Knuth},
  title     = {The {\TeX} Book},
  publisher = {Addison-Wesley},
  year      = {1984},
  edition   = {15th}
}

@incollection{boulic:91,
  author    = {R. Boulic and O. Renault},
  title     = {3D Hierarchies for Animation},
  booktitle = {New Trends in Animation and Visualization},
  publisher = {John Wiley {\&} Sons ltd.},
  year      = {1991},
  editor    = {Nadia Magnenat-Thalmann and Daniel Thalmann}
}

@incollection{smith:99,
  author    = {A. Smith and B. Jones},
  title     = {On the Complexity of Computing},
  booktitle = {Advances in Computer Science},
  pages     = {555--566},
  publisher = {Publishing Press},
  year      = {1999},
  editor    = {A. B. Smith-Jones}
}

@misc{SANDROJUCA,
  author       = {Sandro Cesar Silveira Juca},
  title        = {1º C.I.T.E. - PRODUTOS EDUCACIONAIS APLICADOS NO ENSINO DE CIÊNCIAS E ENGENHARIAS},
  year         = {2021},
  note         = {Acessado em: 22 de ago de 2022},
  howpublished = {\url{https://www.youtube.com/watch?v=rVjpUpxN2KY}}
}

@misc{ALMEIDA,
  address = {Brasil},
  author  = {ALEXANDRE VAZ DE ALMEIDA },
  school  = {Escola de Engenharia de São Carlos, da Universidade de São Paulo },
  title   = {IMPLEMENTA{çã}O DE UM SISTEMA DE AUTOMA{çã}O RESIDENCIAL MODULAR SEM FIO: M{ó}DULO PERIF{é}RICO},
  type    = {Trabalho de Conclusão de Curso },
  year    = {2009}
}

@article{MULANI,
  author  = {MULANI, T. T.; PINGLE, S. V},
  journal = {Internet of things.},
  number  = {},
  title   = {International Research Journal of
             Multidisciplinary Studies},
  volume  = {2},
  year    = {2016}
}

@misc{FIREBASERD,
  author       = {FIREBASE},
  howpublished = {\url{https://firebase.google.com/products/realtime-database?hl=pt-br}},
  title        = {Documentação do \emph{Firebase Realtime Database}},
  year         = {2022},
  note         = {Acessado em: 04 de dez de 2022}
}

@misc{EXPRESSIF,
  author       = {EXPRESSIF},
  howpublished = {\url{https://www.espressif.com/en/products/socs/esp32}},
  title        = {ESP32-WROOM-32 Datasheet},
  year         = {2022},
  note         = {Acessado em: 04 de dez de 2022}
}